<record><leader>00000cas a2200000 a 4500</leader><controlfield tag="001">10598208</controlfield><controlfield tag="008">840405d18551866iluwr ne      0    0eng c</controlfield><datafield ind1=" " ind2=" " tag="010"><subfield code="a">sn 84024163 </subfield></datafield><datafield ind1=" " ind2=" " tag="040"><subfield code="a">NPV</subfield><subfield code="b">eng</subfield><subfield code="c">NPV</subfield><subfield code="d">NPX</subfield><subfield code="d">NPU</subfield><subfield code="d">NPV</subfield><subfield code="d">NYS</subfield><subfield code="d">NVF</subfield><subfield code="d">OCL</subfield><subfield code="d">CVF</subfield><subfield code="d">NVF</subfield><subfield code="d">OCLCQ</subfield><subfield code="d">OCLCF</subfield><subfield code="d">OCLCO</subfield></datafield><datafield ind1="1" ind2=" " tag="029"><subfield code="a">AU@</subfield><subfield code="b">000020228491</subfield></datafield><datafield ind1=" " ind2=" " tag="042"><subfield code="a">pcc</subfield></datafield><datafield ind1=" " ind2=" " tag="043"><subfield code="a">n-us-il</subfield></datafield><datafield ind1="0" ind2="0" tag="245"><subfield code="a">Freeport weekly journal.</subfield></datafield><datafield ind1=" " ind2=" " tag="260"><subfield code="a">Freeport, Ill. :</subfield><subfield code="b">H.M. Sheetz,</subfield><subfield code="c">1855-1866.</subfield></datafield><datafield ind1=" " ind2=" " tag="300"><subfield code="a">v. ;</subfield><subfield code="c">64 cm.</subfield></datafield><datafield ind1=" " ind2=" " tag="310"><subfield code="a">Weekly</subfield></datafield><datafield ind1="0" ind2=" " tag="362"><subfield code="a">Vol. 7, no. 42 (Nov. 8, 1855)-old ser., v. 18, no. 900 (Feb. 14, 1866).</subfield></datafield><datafield ind1=" " ind2=" " tag="515"><subfield code="a">Issues for May 18, 1856-Feb. 14, 1866 called also new ser., vol. 1, no. 1-new ser., v. 10, no. 43.</subfield></datafield><datafield ind1=" " ind2=" " tag="580"><subfield code="a">Daily ed.: Freeport daily journal (Freeport, Ill. : 1856), 1856-&lt;1861&gt;</subfield></datafield><datafield ind1=" " ind2="0" tag="651"><subfield code="a">Freeport (Ill.)</subfield><subfield code="v">Newspapers.</subfield></datafield><datafield ind1=" " ind2="7" tag="655"><subfield code="a">Newspapers.</subfield><subfield code="2">fast</subfield><subfield code="0">(OCoLC)fst01423814</subfield></datafield><datafield ind1=" " ind2="7" tag="651"><subfield code="a">Illinois</subfield><subfield code="z">Freeport.</subfield><subfield code="2">fast</subfield><subfield code="0">(OCoLC)fst01217738</subfield></datafield><datafield ind1=" " ind2=" " tag="752"><subfield code="a">United States</subfield><subfield code="b">Illinois</subfield><subfield code="c">Stephenson</subfield><subfield code="d">Freeport.</subfield></datafield><datafield ind1="1" ind2=" " tag="775"><subfield code="t">Freeport daily journal (Freeport, Ill. : 1856)</subfield><subfield code="w">(DLC)sn 84024161</subfield><subfield code="w">(OCoLC)10593581</subfield></datafield><datafield ind1="0" ind2="0" tag="780"><subfield code="t">Freeport journal (Freeport, Ill. : 1848)</subfield><subfield code="w">(DLC)sn 84038441</subfield><subfield code="w">(OCoLC)11320320</subfield></datafield><datafield ind1="0" ind2="0" tag="785"><subfield code="t">Freeport journal (Freeport, Ill. : 1866)</subfield><subfield code="w">(DLC)sn 84024171</subfield><subfield code="w">(OCoLC)10599914</subfield></datafield></record>